@article{lewis2020retrieval,
  title={Retrieval-augmented generation for knowledge-intensive nlp tasks},
  author={Lewis, Patrick and Perez, Ethan and Piktus, Aleksandra and Petroni, Fabio and Karpukhin, Vladimir and Goyal, Naman and K{\"u}ttler, Heinrich and Lewis, Mike and Yih, Wen-tau and Rockt{\"a}schel, Tim and others},
  journal={Advances in neural information processing systems},
  volume={33},
  pages={9459--9474},
  year={2020}
}
@article{zheng2023judging,
  title={Judging llm-as-a-judge with mt-bench and chatbot arena},
  author={Zheng, Lianmin and Chiang, Wei-Lin and Sheng, Ying and Zhuang, Siyuan and Wu, Zhanghao and Zhuang, Yonghao and Lin, Zi and Li, Zhuohan and Li, Dacheng and Xing, Eric and others},
  journal={Advances in Neural Information Processing Systems},
  volume={36},
  pages={46595--46623},
  year={2023}
}
@book{elo1966uscf,
  title={The USCF rating system: Its development, theory, and applications},
  author={Elo, Arpad E},
  year={1966},
  publisher={United States Chess Federation}
}
@article{reimers2019sentence,
  title={Sentence-bert: Sentence embeddings using siamese bert-networks},
  author={Reimers, Nils and Gurevych, Iryna},
  journal={arXiv preprint arXiv:1908.10084},
  year={2019}
}
@inproceedings{chiang2024chatbot,
  title={Chatbot arena: An open platform for evaluating llms by human preference},
  author={Chiang, Wei-Lin and Zheng, Lianmin and Sheng, Ying and Angelopoulos, Anastasios Nikolas and Li, Tianle and Li, Dacheng and Zhu, Banghua and Zhang, Hao and Jordan, Michael and Gonzalez, Joseph E and others},
  booktitle={Forty-first International Conference on Machine Learning},
  year={2024}
}
@article{liu2009learning,
  title={Learning to rank for information retrieval},
  author={Liu, Tie-Yan and others},
  journal={Foundations and Trends{\textregistered} in Information Retrieval},
  volume={3},
  number={3},
  pages={225--331},
  year={2009},
  publisher={Now Publishers, Inc.}
}